3175 4834
624 321 731 392 Epodon
748 321 834 389 Liber,
852 337 874 375 c.
894 322 936 375 16.

259 504 319 550 neu
341 501 483 549 conversa
505 483 629 549 domum
652 482 757 567 pigeat
780 482 851 547 dare
875 482 980 560 lintea,
1004 481 1124 564 quando

258 591 360 657 Padus
384 590 503 655 Matina
524 589 635 655 laverit
658 589 825 667 cacumina,

257 700 289 763 in
315 717 396 763 mare
419 717 472 762 seu
496 696 595 762 celsus
617 696 802 780 procurrerit
824 696 1035 777 Appenninus,

258 825 394 888 novaque
418 807 553 870 monstra
575 804 711 869 iunxerit
732 801 863 869 libidine

259 914 355 985 mirus
377 933 470 990 amor,
494 913 579 979 iuvet
603 916 637 978 ut
661 913 756 996 tigres
778 912 933 977 subsidere
956 913 1061 989 cervis,

257 1021 447 1086 adulteretur
470 1023 502 1085 et
524 1019 664 1086 columba
688 1020 794 1098 milne,

259 1127 380 1192 credula
402 1146 459 1191 nec
481 1135 567 1193 ravos
589 1127 721 1192 timeant
744 1130 883 1191 armenta
905 1126 1016 1204 leones,

260 1238 400 1317 ametque
423 1233 501 1299 salsa
524 1233 600 1299 levis
622 1234 726 1299 hircus
749 1252 888 1316 aequora.
913 1270 956 1279 —

261 1343 335 1407 haec
357 1344 389 1407 et
411 1360 487 1424 qnae
509 1344 654 1424 poterunt
677 1342 793 1407 reditus
815 1341 990 1407 abscindere
1014 1340 1117 1405 dulces

261 1468 364 1515 eamus
387 1450 487 1514 omnis
509 1452 660 1514 exsecrata
684 1450 801 1527 civitas,

261 1559 315 1622 aut
338 1576 406 1639 pars
428 1556 555 1622 indocili
578 1556 687 1621 melior
708 1575 817 1640 grege;
841 1556 944 1622 mollis
967 1559 999 1622 et
1021 1576 1125 1640 exspes

261 1664 430 1729 inominata
452 1664 620 1746 perprimat
644 1664 768 1729 cubilia.

261 1789 312 1835 vos
336 1770 446 1855 quibus
469 1775 516 1835 est
540 1772 646 1849 virtus,
671 1771 854 1837 muliebrem
878 1771 980 1836 tollite
1003 1771 1132 1849 luctum,

261 1879 387 1943 Etrusca
410 1882 529 1961 praeter
552 1882 583 1944 et
606 1880 706 1945 volate
729 1879 830 1947 litora.

261 2003 315 2049 nos
338 1989 441 2051 manet
464 1987 601 2051 Oceanus
623 1986 851 2069 circumvagnst
874 2005 954 2065 arua,
979 1986 1067 2051 beata

259 2095 399 2174 petamus
421 2112 501 2170 arva,
525 2093 636 2159 divites
659 2097 690 2159 et
713 2093 837 2173 insulas,

262 2199 363 2265 reddit
384 2200 439 2265 ubi
463 2200 604 2266 Cererem
627 2201 720 2267 tellus
743 2202 862 2267 inarata
884 2202 1046 2286 quotannis

261 2310 292 2371 et
314 2306 465 2390 imputata
487 2307 575 2373 floret
596 2301 690 2391 usque
714 2308 812 2387 vinea,

260 2413 414 2496 germinat
437 2418 467 2479 et
490 2434 656 2499 numquam
678 2415 817 2481 fallentis
841 2420 953 2481 termes
975 2415 1083 2493 olivae,

261 2539 405 2606 suamque
428 2522 514 2604 pulla
536 2522 610 2589 ficus
634 2526 721 2589 ornat
743 2523 892 2602 arborem,

261 2628 353 2693 mella
376 2648 448 2695 cava
473 2635 598 2696 manant
620 2651 656 2695 ex
679 2632 759 2709 ilice,
784 2631 940 2697 montibus
959 2631 1035 2697 altis

261 2735 337 2801 leuis
359 2741 500 2820 crepante
523 2738 648 2822 lympha
671 2738 775 2804 desilit
797 2739 882 2821 pede.

261 2842 328 2907 illic
351 2844 482 2910 iniussae
505 2845 634 2911 veniunt
656 2845 693 2911 ad
717 2846 851 2911 mulctra
873 2846 1006 2929 capellae

192 2969 224 3011 so
262 2950 413 3033 refertque
436 2954 523 3016 teuta
544 2972 618 3033 grex
641 2952 758 3018 amicus
781 2952 891 3029 ubera3

261 3076 317 3119 nec
340 3058 528 3139 vespertinus
551 3060 767 3143 circumgemit
789 3080 878 3126 ursus
900 3059 989 3138 ovile,

171 3289 234 3342 aber
261 3290 324 3343 wird
351 3290 393 3343 nie
417 3290 561 3358 cintreten,
589 3292 645 3345 also
666 3292 705 3345 ist
731 3310 758 3345 es
813 3293 907 3361 positio
926 3292 972 3345 des
991 3299 1017 3346 et
1036 3292 1089 3345 und
1108 3291 1149 3344 die
1167 3289 1333 3359 Anastropho
1357 3289 1399 3342 bei

171 3379 262 3431 immor
291 3378 378 3444 mesas.
412 3410 446 3417 —-
485 3393 525 3435 ao.
553 3381 690 3449 adamarit]
718 3381 759 3434 hir
807 3389 928 3451 praeter.

171 3467 311 3536 imnpeado
334 3468 457 3535 effecerit.
476 3498 510 3507 -
545 3482 585 3523 ar.
612 3470 677 3525 leuis
700 3470 758 3525 bir-
848 3480 872 3527 c.
892 3473 1008 3527 40-66.
1029 3485 1070 3525 rr.
1090 3469 1290 3539 circumceptus]
1310 3471 1398 3543 aad&

172 3555 231 3625 cres]
251 3557 328 3623 „ein
352 3557 488 3625 glatter“,
513 3558 570 3611 weil
594 3558 640 3611 der
663 3559 758 3613 bircae
812 3561 884 3632 ῥοος.
903 3591 938 3599 -
967 3573 1008 3616 42.
1028 3561 1125 3615 diuites
1149 3559 1185 3628 ct]
1208 3560 1250 3613 hir
1274 3558 1399 3629 orsseve·-

171 3645 429 3714 dochnieglattist;
443 3647 659 3715 glattgeworden
675 3648 756 3701 durch
812 3659 858 3706 tes.
878 3682 913 3690 -
946 3665 987 3704 ro.
1012 3652 1151 3721 perus-imai
1169 3648 1231 3716 ete]
1249 3647 1398 3717 Eigontlich

172 3736 222 3790 den
239 3737 335 3804 langen
354 3736 511 3791 Anienthalt
534 3738 570 3791 im
589 3736 702 3792 Wasser.
723 3768 756 3775 —
811 3742 918 3794 enthdlt
929 3757 1080 3809 mammam
1093 3738 1218 3805 falleretis
1238 3736 1399 3807 denHanpt·

174 3838 215 3880 ao.
233 3826 301 3880 baec
318 3832 345 3879 et
364 3827 444 3895 qaue]
469 3827 601 3895 abh'a'ngig
618 3845 666 3881 von
686 3844 756 3883 erese·
812 3830 912 3897 begriff.
932 3858 965 3869 —-
991 3841 1031 3882 to.
1050 3826 1190 3897 suamque]
1209 3826 1307 3880 Stior
1325 3826 1400 3879 iiber·

171 3921 260 3971 craten
280 3944 314 3953 —
335 3928 376 3970 ao.
396 3916 485 3970 ommis
504 3917 600 3971 ciuitas
615 3922 666 3970 cut
678 3915 756 3985 pars]
813 3922 895 3972 satzt:
916 3917 981 3983 „Wo
1000 3920 1069 3971 stets
1087 3917 1133 3970 der
1146 3917 1343 3970 Mutterstamm
1358 3915 1400 3968 dic

171 4005 231 4059 sind
262 4005 450 4076 Appositionen
487 4024 518 4060 zu
555 4007 613 4060 dem
648 4007 759 4075 Subjelrt
812 4007 1215 4076 brannchigoschmdcht“.-
1232 4004 1399 4073 commictae]

169 4096 199 4148 in
226 4112 326 4151 eamus.
354 4125 390 4133 —
424 4107 464 4151 ³8.
494 4096 660 4165 perpremat]
688 4102 757 4150 utim-
814 4098 879 4165 „die
897 4097 1064 4151 befreundete
1082 4096 1202 4149 Horde“.
1239 4096 1288 4148 Die
1312 4095 1400 4163 Angst

172 4184 225 4237 lich
247 4201 323 4253 praec.
350 4215 385 4223 —
413 4186 503 4241 virtus
526 4185 581 4239 und
604 4185 760 4239 muliebrem
813 4204 859 4240 vor
886 4186 932 4241 der
956 4184 1113 4255 Gegenwsrt
1140 4186 1208 4239 trieb
1236 4202 1294 4239 zum
1321 4184 1399 4253 Idyll.

173 4273 264 4327 stehen
290 4275 445 4329 absichtlich
467 4275 681 4329 nebeneinandcr.
719 4274 759 4328 lm
814 4276 865 4328 Zur
883 4275 996 4329 Natus
1021 4276 1097 4329 sollte
1115 4274 1157 4328 die
1175 4274 1339 4328 Menschheit
1358 4291 1400 4327 au·

171 4364 309 4433 folgenden
328 4364 408 4417 Verso
432 4364 508 4418 echte
533 4365 580 4417 auf
601 4365 642 4417 dio
666 4365 760 4418 Trans·
814 4365 981 4419 riiclrhchreu.
1002 4394 1036 4403 —-
1058 4378 1099 4419 et.
1117 4363 1297 4432 vespertinus]
1317 4364 1399 4417 durch
