3175 4834
479 284 487 297 ‘-
569 274 677 345 npouon
696 275 780 342 aruer,
800 292 822 329 ο.
844 277 874 330 11
896 252 922 329 i.
941 275 984 329 12.
1075 350 1079 355 ι

254 436 291 501 ad
315 455 374 501 non
398 422 595 500 amicos'heu
619 434 697 499 mibi
721 434 816 517 postis
838 439 870 500 et
894 437 954 501 hen

254 544 364 608 limina
387 542 471 619 dura,
495 542 607 624 quibus
629 541 750 607 lumbos
766 540 806 607 'et
829 542 940 626 infregi
963 541 1054 609 latus.
1078 579 1121 590 -

254 669 335 716 nuno
358 648 518 733 gloriantis
541 648 711 733 quamlibet
736 648 948 716 mulierculam

255 758 375 822 uincere
399 756 532 843 mollitio
555 774 640 821 amor
663 754 781 840 Lycisci
804 776 855 820 me
877 759 978 835 tonet3

255 864 335 929 unde
359 862 500 945 expedire
523 883 582 929 non
606 862 776 928 amicorum
799 867 913 946 queant

255 971 353 1035 libera
376 969 504 1035 consilia
527 989 582 1035 nec
605 970 810 1035 contumeliae
832 989 949 1053 graues,

254 1077 306 1143 scd
328 1076 409 1143 alius
431 1074 519 1141 ardor
541 1078 596 1143 aut
618 1076 739 1159 puellae
761 1075 907 1142 candidas

254 1188 308 1250 aut
330 1182 437 1248 teretis
459 1184 547 1266 pueri
569 1184 692 1267 longam
716 1183 892 1251 renodantis
915 1199 1042 1252 comam.

468 1552 470 1557 ¹
564 1552 568 1559 .
700 1452 702 1459 ’
746 1469 818 1533 xu.
974 1554 977 1559 Ι

344 1592 426 1673 Quid
450 1592 511 1657 tibi
534 1592 590 1670 uis,
614 1592 726 1658 mulier
749 1594 847 1675 nigris
869 1592 1051 1677 dignissima
1074 1591 1195 1660 barris?

256 1718 382 1766 munera
405 1700 479 1782 quid
503 1700 581 1765 mibi
604 1700 715 1782 quidve
738 1699 869 1765 tabellas

255 1808 357 1872 mittis
379 1826 435 1871 neo
457 1806 545 1871 firmo
568 1806 672 1871 iuueni
695 1826 750 1871 nec
773 1806 855 1873 naris
877 1807 1006 1872 obesae?

257 1932 388 1996 namque
410 1913 549 1997 sagacius
571 1932 651 1978 nnus
674 1913 788 1991 odoror,

257 2020 384 2105 polypus
406 2039 445 2085 an
467 2019 570 2103 grauis
593 2020 721 2085 hirsutis
744 2019 837 2085 cubet
858 2019 962 2085 hircus
984 2019 1017 2085 in
1041 2020 1109 2099 alis,

257 2145 349 2209 quam
371 2127 455 2192 canis
477 2146 546 2192 acer
569 2127 623 2192 ubi
646 2127 742 2193 lateat
764 2145 824 2193 sue.

258 2234 311 2315 qui
334 2233 425 2299 sudor
447 2234 539 2299 vietis
562 2239 595 2299 et
617 2253 709 2316 quam
733 2234 989 2316 molnsnndiquc
1012 2233 1160 2300 membris

257 2340 366 2405 crescit
389 2338 471 2418 odor,
495 2360 565 2407 cum
588 2360 665 2423 pene
688 2341 788 2406 soluto
1053 2350 1055 2355 ’

257 2446 439 2512 indomitam
463 2450 604 2530 properat
626 2448 743 2515 rabiem
766 2447 870 2512 sedare
893 2466 990 2531 neque
1012 2446 1062 2510 illi

197 2642 202 2649 ι
258 2553 320 2619 iam
345 2557 449 2621 manet
472 2554 578 2620 umida
600 2557 683 2620 creta
705 2555 845 2639 colorque

258 2663 389 2726 stercore
411 2661 534 2727 fucatus
555 2661 701 2727 crocodili
724 2662 846 2745 iamque
869 2660 1005 2726 subando

196 2824 199 2831 .
258 2771 344 2833 tenta
367 2768 482 2834 cubilia
505 2771 646 2852 tuomque
668 2769 805 2852 rumpit3

259 2874 308 2941 vel
331 2893 399 2939 moa
421 2866 492 2940 oum
514 2875 612 2941 saevis
635 2876 733 2959 agitat
755 2874 879 2939 fastidia
902 2874 1017 2966 uerbis:

207 3020 210 3025 ·
261 3030 279 3059 „
288 2980 413 3046 Inachia
435 2982 562 3064 languea
586 2981 688 3047 minus
709 3000 745 3047 ac
767 2987 847 3062 moy

259 3088 416 3153 Inachiam
440 3078 488 3153 ter
510 3091 598 3154 nocta
620 3090 716 3171 potes,
740 3087 820 3151 mihi
842 3105 962 3170 sempor
984 3086 1021 3151 ad
1045 3106 1142 3152 unum

259 3193 364 3260 mollis
387 3214 470 3278 opus.
516 3198 620 3277 pereat
643 3195 733 3271 male,
757 3213 835 3277 quae
857 3196 889 3259 te

262 3302 370 3366 Lesbia
393 3302 561 3387 quaerenti
575 3304 697 3367 taurum
722 3300 905 3366 monstravit
927 3301 1068 3377 inertem,

18 3436 19 3449 ¹
86 3434 90 3440 ·
190 3424 193 3431 ·
261 3427 341 3473 cnm.
355 3408 434 3471 mihi
456 3406 535 3473 Gous
557 3408 674 3473 adesset
696 3407 857 3490 Amyntas,

145 3497 148 3503 ’
261 3514 348 3580 cuius
370 3514 404 3579 in
427 3513 579 3580 indomito
602 3514 789 3579 constantior
812 3512 940 3604 inguine
962 3531 1072 3577 nervus
1124 3586 1128 3591 ,
1237 3596 1245 3605 ⁴

191 3642 223 3684 ro
261 3640 354 3704 quam
378 3640 454 3687 nova
476 3622 607 3687 collibus
629 3622 717 3686 arbor
739 3621 888 3686 inhaeret.
927 3674 930 3678 .

173 3758 383 3765 ...φεμ-..-

172 3835 224 3901 dir)
242 3834 292 3888 don
310 3834 371 3888 Rae
392 3863 425 3871 —
455 3846 496 3889 21.
515 3834 554 3888 od
571 3851 629 3888 acre
646 3833 757 3901 amicos]
813 3833 913 3901 fongo,
932 3832 1006 3885 stark
1020 3832 1141 3902 ‘genug“.
1161 3844 1242 3909 --4.
1261 3831 1404 3901 sapasim}

109 3968 111 3972 ,
171 3924 286 3981 namuel
303 3923 418 3978 Inachia.
813 3922 899 3990 uam]
917 3938 992 3976 waes
1007 3921 1142 3975 dientaur
1154 3920 1337 3989 Verstdrlrnng
1354 3920 1405 3974 dea

168 4078 171 4085 .
210 4037 264 4096 12.
302 4040 356 4093 Dos
383 4038 497 4094 Gedicht
521 4038 623 4092 nordallt
644 4040 675 4092 'in
698 4038 759 4091 zuei
814 4011 1046 4081 K⁰mPfflfiV⁸·-
1064 4008 1401 4076 rs.fastiuia],‚1cu01“...

173 4119 272 4187 gleiehe
290 4119 372 4174 '105102
814 4116 876 4155 cum
899 4100 987 4155 sacris
1010 4098 1110 4166 vorbis]
1136 4116 1198 4153 cum
1215 4099 1309 4168 opilat
1327 4098 1403 4152 steht

209 4214 240 4260 m
268 4209 364 4262 1—13.
403 4220 425 4262 a.
450 4206 572 4261 Konstr.:
599 4207 693 4262 doceat
711 4222 760 4261 oco
814 4189 923 4259 PfflflOl
941 4189 999 4242 dem
1018 4204 1080 4243 cum
1095 4193 1231 4257 imperat
1248 4187 1304 4255 8l9·

172 4296 315 4364 firmoaec
328 4296 407 4352 noris
417 4298 517 4353 mesae.
531 4326 565 4335 —
579 4296 761 4364 firmoc]„ge·
849 4300 878 4348 B.
900 4296 1011 4349 14-26.
1051 4306 1092 4349 ao.
1116 4310 1191 4349 aona
1216 4291 1310 4360 orbor]
1337 4292 1405 4360 „die
