3175 4834
599 389 630 456 Q.
648 390 753 445 Horatii
771 390 858 444 unae
875 387 1026 445 (terminum

745 586 876 652 XXVII.

376 732 492 815 Impius
514 750 619 815 parrae
642 730 810 795 recinentis
832 748 920 794 omen

288 840 379 907 ducat
401 842 433 905 et
455 858 603 923 praegnas
626 838 711 903 oanis
734 839 789 901 aut
811 836 849 901 ab
873 853 946 919 agro

287 967 359 1013 rava
382 948 545 1012 decurrens
567 945 640 1028 lupa
662 945 821 1010 Lanuvino

287 1056 412 1137 fetaque
435 1053 547 1137 volpes.

287 1199 411 1279 rumpat
433 1200 465 1261 et
487 1214 609 1279 serpens
632 1195 692 1260 iter
714 1192 906 1266 institutum,

287 1304 314 1371 si
338 1323 391 1387 per
413 1304 573 1387 obliquum
597 1301 711 1367 similis
733 1300 865 1384 sagittae

286 1411 400 1477 terruit
422 1428 559 1475 mannos.
606 1427 661 1491 ego
684 1408 735 1473 oui
758 1408 876 1473 timebo

286 1518 430 1600 prouidus
452 1536 572 1599 auspex,

287 1664 452 1743 antequam
475 1661 591 1725 stantes
613 1660 732 1741 repetat
754 1656 880 1741 paludes

288 1768 435 1833 imbrium
461 1767 566 1832 divina
588 1766 653 1831 aris
675 1766 905 1841 imminentem,

288 1874 422 1941 oscinem
446 1893 571 1938 corvum
593 1892 681 1955 prece
704 1871 858 1937 suscitabo

288 1980 361 2047 solis
384 1982 422 2045 ab
446 1982 524 2047 ortu.

288 2124 329 2189 ais
351 2123 427 2189 lieet
449 2123 523 2189 felix
546 2123 732 2205 ubicumque
756 2120 863 2197 mavis,
947 2203 953 2211 .

288 2235 321 2296 et
343 2250 485 2297 memor
508 2230 651 2307 nostri,
675 2228 862 2305 Galatea,
885 2226 1013 2303 vivas3

288 2342 380 2422 teque¹
402 2358 458 2403 neo
481 2337 584 2403 laevius
606 2338 690 2401 vetat
713 2336 759 2403 ire
781 2334 869 2419 piens

288 2466 344 2511 nec
366 2465 443 2529 uaga
467 2446 578 2509 cornix.

288 2587 340 2654 sed
363 2588 448 2653 vides
471 2589 584 2670 quanto
606 2585 740 2667 trepidet
763 2583 902 2651 tumultu

287 2715 400 2778 pronus
423 2694 542 2760 Orion?
565 2711 620 2776 ego
644 2691 719 2774 quid
742 2692 784 2757 sit
807 2694 874 2756 ater

288 2801 422 2866 Hadriae
446 2801 517 2865 novi
539 2800 625 2866 sinus
648 2798 776 2881 etquid
800 2797 889 2862 albus

288 2910 393 2989 peccet
414 2909 515 2991 Iapyx.

290 3049 425 3113 hostium
450 3068 557 3113 uxores
580 3048 726 3137 puerique
749 3066 852 3113 oaeoos

290 3155 426 3220 sentiant
448 3157 550 3219 motus
573 3156 700 3220 orientis
723 3154 821 3219 austri
843 3156 875 3219 et

289 3260 428 3343 aequoris
450 3260 534 3345 nigri
556 3260 715 3327 fremitum
739 3264 771 3325 et
793 3263 961 3325 trementes

289 3368 412 3433 verbere
436 3368 527 3451 ripas.
552 3405 594 3416 -

198 3617 328 3683 (1-24).
371 3617 462 3671 Douka
493 3634 526 3670 an
559 3617 606 3671 das
637 3617 788 3671 Abanteuer
841 3616 889 3669 wie
906 3614 1030 3684 prudens
1048 3615 1098 3667 mit
1116 3614 1174 3667 dem
1189 3612 1301 3668 Genetiv
1318 3610 1427 3664 verbun-

198 3705 330 3776 Europas!
350 3707 487 3773 (ae—76.)
841 3706 892 3759 den
917 3704 990 3758 wird.
1016 3734 1050 3742 —
1090 3716 1129 3757 15.
1158 3702 1264 3772 laevas]
1288 3699 1431 3755 adverbioll

235 3796 332 3849 1—24.
385 3807 405 3848 1.
437 3793 547 3865 impios]
580 3795 653 3847 starlr
685 3795 786 3848 betont.
842 3811 874 3847 zu
887 3794 1053 3847 libersetren:
1073 3810 1142 3859 „zur
1155 3792 1244 3845 linken
1257 3791 1368 3856 Hand“,
1386 3790 1431 3843 be-

199 3884 258 3937 Ihm
281 3884 357 3937 steht
379 3884 416 3938 im
433 3883 583 3951 Folgenden
608 3900 656 3953 epo
679 3884 725 3937 oud
751 3884 786 3937 u·-
841 3884 934 3936 deutot
951 3882 1008 3936 hier
1022 3882 1063 3935 die
1077 3882 1258 3949 ungldekliehe
1272 3880 1355 3946 Soite;
1374 3878 1432 3933 lae·

198 3974 275 4028 meto
300 3974 455 4041 gegendbar.
486 4002 518 4011 -
558 3986 580 4027 u.
607 3978 722 4041 rumpat
749 3973 785 4040 et]
840 3988 891 4026 oua
908 3972 947 4025 ist
963 3971 1030 4024 auoh
1049 3988 1081 4023 zu
1100 3971 1198 4025 omnin
1215 3988 1247 4023 zu
1265 3970 1374 4023 denken.
1394 3997 1430 4007 —

199 4062 241 4115 fdr
269 4068 295 4116 et
321 4067 435 4131 rumpat
459 4078 568 4128 eorum,
596 4062 710 4115 ndmlioh
737 4062 787 4115 dm·
846 4072 885 4115 18.
895 4060 965 4129 quid
973 4059 1022 4127 ait]
1038 4076 1108 4127 „was
1122 4077 1155 4113 zu
1163 4059 1293 4113 badantsn
1306 4057 1431 4111 hat“.—

198 4150 317 4217 pe'orum.
338 4180 372 4189 -
400 4162 429 4206 s.
447 4150 583 4219 prouidus
601 4150 717 4219 auspex]
736 4151 788 4221 Ap
843 4161 885 4203 ao.
899 4149 1002 4219 peccet]
1027 4164 1081 4201 was
1107 4166 1168 4202 man
1195 4165 1245 4202 von
1272 4147 1328 4200 ihm
1354 4146 1433 4200 nieht

199 4237 314 4306 position
328 4238 356 4291 in
369 4239 580 4306 begriindsndem
589 4238 668 4292 Sinna
683 4256 714 4291 zu
729 4238 787 4292 dem
842 4241 969 4292 arwarten
988 4238 1073 4291 sollte.
1093 4267 1127 4277 -·
1155 4248 1197 4291 21.
1216 4236 1336 4290 hostium
1359 4252 1431 4290 aeeo-

200 4324 273 4393 Subj.
292 4325 319 4377 in
344 4327 491 4381 saadtado.
511 4357 544 4366 -
581 4339 620 4381 ιο.
646 4327 787 4396 imbrium]
821 4326 894 4400 gres]
923 4327 965 4380 ein
994 4325 1174 4380 fonnelhaftar
1200 4325 1326 4379 Wunsch.
1372 4323 1434 4377 wir

200 4430 250 4466 von
268 4412 383 4469 distans
397 4415 536 4483 abhtngig
555 4415 665 4469 welehss
682 4416 788 4469 ahnlich
841 4416 963 4470 sehieben
982 4416 1077 4483 ‚‚nur“
1097 4416 1147 4472 ein.
