3175 4834
632 315 740 385 Epcdon
758 316 842 383 Liber,
862 334 884 371 c.
903 317 928 371 5„

258 494 318 540 ncn
342 474 475 555 usitatis,
500 476 588 552 Vare,
611 476 797 558 potionibus,

259 602 276 647 c
300 582 398 647 muita
420 582 563 647 fleturum
589 586 689 666 caput,

187 711 221 751 rr
252 689 296 754 'ad
319 708 369 753 me
391 707 527 753 recurres
550 708 605 754 nec
627 692 734 755 vocata
757 710 844 755 mens
866 693 920 756 tua

260 796 371 861 Marsis
394 795 508 861 redibit
530 796 663 861 vocibus.

259 903 358 967 maius
381 903 502 985 parabo,
527 903 626 968 maius
649 904 810 970 infundam
834 905 894 970 tihi

226 1034 229 1039 ·
257 1009 430 1074 fastidienti
452 1009 606 1093 poculum,

261 1117 404 1199 priusque
427 1116 545 1181 caelum
569 1116 649 1183 sidet
671 1118 800 1183 inferius
822 1137 901 1183 man

188 1243 222 1287 so
261 1223 372 1288 tellure
394 1226 532 1305 porrecta
555 1243 644 1305 super

260 1350 351 1412 quam
377 1349 435 1395 non
459 1349 561 1396 amore
585 1331 629 1395 sic
653 1350 720 1395 meo
743 1331 862 1415 flagres,
887 1333 934 1397 uti

260 1437 401 1502 bitumen
424 1437 500 1502 atris
523 1436 679 1521 ignibus.“
703 1475 747 1485 -

260 1544 316 1609 sub
340 1545 414 1609 haec
436 1560 511 1627 puer
534 1544 595 1609 iam
619 1563 689 1622 non,
713 1548 852 1624 utente,
876 1545 1022 1611 mollibus

260 1650 356 1715 lenire
381 1651 482 1731 verbis
505 1650 640 1735 impias,¹

261 1757 313 1823 sed
336 1758 447 1823 dubius
470 1758 550 1823 unde
573 1760 729 1839 rumperet
752 1758 923 1835 silentium,

260 1864 347 1929 misit
369 1865 534 1948 Thyesteas
555 1883 667 1946 preces.

176 2022 178 2027 .
260 1990 400 2049 „venenu
422 1990 511 2053 maga
535 1989 592 2035 non
618 1971 663 2035 ias
686 1965 840 2053 nefasque,
864 1990 923 2036 non
947 1972 1050 2037 valent

260 2082 433 2143 convertere
457 2078 621 2143 humanam
646 2078 754 2143 vicem.

164 2250 166 2254 .
261 2185 334 2250 diris
357 2204 446 2269 agam
469 2205 533 2252 vos:
558 2186 624 2251 dira
647 2185 809 2252 detestatio

260 2292 345 2357 nulla
368 2294 506 2375 expiatur
531 2294 666 2359 victima.

259 2400 343 2483 quin,
366 2400 420 2465 ubi
442 2399 541 2483 perire
564 2400 663 2465 iussus
686 2400 885 2482 exspiravere,

260 2509 425 2572 nocturnus
448 2526 602 2572 occurram
626 2506 719 2584 furor,

259 2616 419 2697 petamque
443 2614 545 2679 voltus
567 2614 677 2678 umbra
699 2613 800 2678 curvis
822 2612 986 2697 unguibus,

259 2740 335 2803 quae
358 2720 405 2785 vis
428 2720 552 2786 deorum
577 2723 624 2785 est
646 2720 798 2797 Manium,

259 2829 291 2892 ct
314 2826 462 2909 inquietis
484 2826 625 2892 adsidens
647 2826 832 2908 praecordiis

259 2952 367 3016 pavore
391 2952 511 2999 somnos
533 2935 679 2999 auferam.

258 3059 310 3105 vos
333 3040 423 3105 turba
446 3041 570 3105 vicatim
594 3040 668 3104 hine
691 3044 723 3106 et
745 3041 818 3105 hinc
840 3040 920 3105 saxis
943 3031 1049 3123 petens

259 3148 426 3212 contundet
450 3148 610 3213 obscaenas
633 3166 717 3212 anus.

146 3314 149 3319 ,
258 3256 325 3336 post
348 3254 502 3337 insepulta
524 3254 661 3319 membra
684 3254 825 3319 different
847 3254 914 3335 lupi

171 3380 220 3423 icc
259 3363 291 3425 et
312 3360 487 3444 Esquilinae
511 3361 609 3438 alites,

167 3644 201 3680 zu
219 3628 388 3695 vergessen“.
415 3657 449 3665 —
485 3640 525 3681 73.
550 3644 608 3681 nen
631 3627 754 3695 usitatis]
809 3626 901 3679 Knabe
939 3625 993 3679 will
1031 3625 1082 3679 den
1113 3624 1204 3702 Ericlg
1239 3623 1396 3677 absichtlich

166 3716 233 3769 eben
252 3716 324 3783 dem,
350 3716 400 3769 den
426 3716 462 3770 sie
485 3718 554 3785 jetzt
578 3716 628 3769 deu
645 3715 754 3769 Knaben
809 3714 892 3768 durch
928 3714 1060 3783 unheilige
1096 3712 1187 3766 Worte
1227 3714 1324 3766 stdren.
1361 3741 1397 3751 —-

107 3824 111 3831 -
167 3790 284 3859 bereum
303 3805 364 3859 wrn.
380 3835 414 3843 -
435 3818 476 3859 ce.
489 3804 602 3873 rupen]
617 3822 647 3858 zu
662 3805 755 3859 cernon
811 3814 853 3859 sc.
870 3804 971 3873 preces]
999 3802 1149 3869 „mauce
1175 3831 1209 3839 -
1239 3812 1281 3857 sc.
1300 3802 1394 3869 vtem]

162 3894 282 3963 jetcigen
292 3892 437 3961 Geliebten,
454 3895 495 3948 die
511 3894 570 3948 dich
584 3895 635 3948 mit
643 3895 754 3948 Marser·
810 3892 1027 3961 „Vergeltung“.
1060 3918 1093 3929 -
1132 3901 1173 3945 92.
1205 3888 1295 3958 furor]
1324 3887 1397 3958 „Ge—

166 3982 270 4037 Fcrmel
297 3984 371 4037 rufen
400 3983 509 4037 werden.
534 4013 569 4021 -
604 3995 644 4038 78.
672 3982 755 4048 susti·
809 3983 930 4051 spenst“.
945 4010 980 4019 -
1006 3992 1046 4034 sa.
1060 3979 1168 4059 umbra]
1182 3978 1345 4050 Appositicn.
1361 4007 1396 4017 —

167 4071 267 4140 dientt]
284 4071 356 4139 (mc).
382 4086 384 4091 ·
811 4069 1090 4138 incunctantem
1104 4070 1241 4136 anust—
1259 4069 1336 4123 saxis
1350 4084 1397 4135 pc·

204 4157 244 4214 D.'
259 4160 390 4215 83—102.
429 4172 470 4215 84.
499 4158 594 4230 lenire]
620 4160 696 4231 Impf.
723 4160 755 4213 de
809 4160 879 4225 tens]
895 4157 1211 4226 „unterSteinwiirfen“.
1227 4188 1261 4195 -
1281 4169 1322 4211 ss.
1338 4155 1395 4221 dif-

167 4251 271 4301 ccnatu.
301 4275 334 4288 --
368 4260 409 4305 su.
434 4248 521 4317 unde]
550 4250 693 4316 ,‚wcmit“.
720 4276 778 4287 -·
808 4245 923 4315 ferrent]
940 4247 1192 4316 ‚‚wegschleppcn“.
1212 4274 1245 4284 —
1268 4257 1327 4299 100.
1340 4244 1394 4299 Es-

166 4337 318 4405 rumperct]
369 4342 480 4404 „sttren
526 4338 637 4392 solltc“.
701 4338 755 4391 Der
809 4337 943 4405 quilinac]
981 4336 1039 4389 weil
1075 4336 1136 4389 dort
1167 4335 1209 4388 die
1240 4334 1398 4403 Bcgriibnis·
